<?xml version="1.0" encoding="UTF-8"?><collection xmlns="http://www.loc.gov/MARC21/slim"><record><leader>00466nam--2200169-i-4500</leader><controlfield tag="001">000001677</controlfield><controlfield tag="002">20161230</controlfield><controlfield tag="005">20161230201024</controlfield><controlfield tag="008">060222s1000------------r-----000-0-eng-d</controlfield><datafield ind1=" " ind2=" " tag="040"><subfield code="a">IFIN-HH</subfield></datafield><datafield ind1=" " ind2=" " tag="080"><subfield code="a">061.3:620.172.24:539.4.011.25</subfield></datafield><datafield ind1="1" ind2=" " tag="100"><subfield code="a">Diez, J.M</subfield></datafield><datafield ind1="1" ind2="0" tag="245"><subfield code="a">Fracture mechanics course at isd</subfield><subfield code="b">Stuttgart, july 6-10, 1970</subfield><subfield code="c">J.m. diez</subfield></datafield><datafield ind1=" " ind2=" " tag="260"><subfield code="a">Stuttgart</subfield><subfield code="b">/F.Ed.</subfield><subfield code="c">1970</subfield></datafield><datafield ind1=" " ind2=" " tag="300"><subfield code="a">/PAG.DIF.</subfield></datafield><datafield ind1=" " ind2=" " tag="852"><subfield code="a">37704</subfield><subfield code="c">539.4</subfield></datafield><datafield ind1=" " ind2=" " tag="CAT"><subfield code="a">Sys</subfield><subfield code="c">20130129</subfield><subfield code="h">140839</subfield></datafield></record></collection>